@article{Knupp1999,
      author = "Knupp, PM",
       title = "Winslow smoothing on two-dimensional unstructured meshes",
        year = "1999",
     journal = "Eng {C}omput",
      volume = "15",
       pages = "263--268"
}

@techreport{kamm2000,
      author = "Kamm, J",
       title = "Evaluation of the {S}edov-von {N}eumann-{T}aylor blast wave solution",
 institution = "Los {A}lamos {N}ational {L}aboratory",
        year = "2000",
      number = "Technical {R}eport LA-UR-00-6055"
}

@article{Taylor1937,
      author = "Taylor, GI and Green, AE",
       title = "Mechanism of the production of small eddies from large ones",
        year = "1937",
     journal = "P {R}oy {S}oc {L}ond {A} {M}at",
      volume = "158",
      number = "895",
       pages = "499--521"
}

@article{Wonka2017,
      author = "Wonka, W.",
       title = "Effects of Sugar on Mood in a Factory Setting",
        year = "2017",
     journal = "P {R}oy {S}oc {L}ond {A} {M}at",
      volume = "158",
      number = "895",
       pages = "499--521"
}

@article{DeMuth2009,
      author = "De Muth, James E.",
       title = "Overview of biostatistics used in clinical research",
        year = "2009",
     journal = "American Journal of Health-System Pharmacy",
      volume = "66",
       pages = "70-81"
}

@book{Cohen1988,
	author = "Jacob Cohen",
	title = "Statistical Power Analysis for the Behavioral Sciences",
  year = "1988",
	publisher = "Lawrence Erlbaum Associates",
	address = "Mahwah, New Jersey",
	edition = "2nd"
}


@book{CampbellStanley1963,
	author = "Donald T. Campbell and Julian C. Stanley",
	title = "Experimental and Quasi-Experimental Designs for Research",
  year = "1963",
	publisher = "Houghton Mifflin Company"
}

@book{SingerWillett2003,
	author = "Judith D. Singer and John B. Willett",
	title = "Applied Longitudinal Data Analysis: Modeling Change and Event Occurrence",
	year = "2003",
	publisher = "Oxford University Press",
	address = "New York, New York"
}

